@article{abide2016analysis,
  title={Analysis of two active set type methods to solve unilateral contact problems},
  author={Abide, St{\'e}phane and Barboteu, Mika{\"e}l and Danan, David},
  journal={Applied Mathematics and Computation},
  volume={284},
  pages={286--307},
  year={2016},
  publisher={Elsevier}
}


@article{abide2021inexact,
  title={Inexact primal--dual active set method for solving elastodynamic frictional contact problems},
  author={Abide, St{\'e}phane and Barboteu, Mika{\"e}l and Cherkaoui, Soufiane and Danan, David and Dumont, Serge},
  journal={Computers \& Mathematics with Applications},
  volume={82},
  pages={36--59},
  year={2021},
  publisher={Elsevier}
}


@article{abide2021semismooth,
  title={A Semi-Smooth Newton and Primal-Dual Active Set Method for Non-Smooth Contact Dynamics},
  author={Abide, St{\'e}phane and Barboteu, Mika{\"e}l and Cherkaoui, Soufiane and Dumont, Serge},
  journal={Computer Methods in Applied Mechanics and Engineering},
  volume={},
  pages={},
  year={2021},
  publisher={Elsevier}
}


@article{abide2021unified,
  title={Unified Primal-Dual Active Set Method for dynamic frictional contact problems},
  author={Abide, St{\'e}phane and Barboteu, Mika{\"e}l and Cherkaoui, Soufiane and Dumont, Serge},
  journal={Topical Collection on Contact mechanics and engineering applications},
  volume={},
  pages={},
  year={2021},
  publisher={Springer}
}


@article{acary2013projected,
  title={Projected event-capturing time-stepping schemes for nonsmooth mechanical systems with unilateral contact and Coulomb’s friction},
  author={Acary, Vincent},
  journal={Computer Methods in Applied Mechanics and Engineering},
  volume={256},
  pages={224--250},
  year={2013},
  publisher={Elsevier}
}


@article{acary2016energy,
  title={Energy conservation and dissipation properties of time-integration methods for nonsmooth elastodynamics with contact},
  author={Acary, Vincent},
  journal={ZAMM-Journal of Applied Mathematics and Mechanics/Zeitschrift f{\"u}r Angewandte Mathematik und Mechanik},
  volume={96},
  number={5},
  pages={585--603},
  year={2016},
  publisher={Wiley Online Library}
}


@book{acary2008numerical,
  title={Numerical methods for nonsmooth dynamical systems: applications in mechanics and electronics},
  author={Acary, Vincent and Brogliato, Bernard},
  year={2008},
  publisher={Springer Science \& Business Media}
}


@article{alart1991mixed,
  title={A mixed formulation for frictional contact problems prone to Newton like solution methods},
  author={Alart, Pierre and Curnier, Alain},
  journal={Computer methods in applied mechanics and engineering},
  volume={92},
  number={3},
  pages={353--375},
  year={1991},
  publisher={Elsevier}
}


@article{alart2012nonlinear,
  title={A nonlinear domain decomposition formulation with application to granular dynamics},
  author={Alart, Pierre and Iceta, Damien and Dureisseix, David},
  journal={Computer methods in applied mechanics and engineering},
  volume={205},
  pages={59--67},
  year={2012},
  publisher={Elsevier}
}


@inproceedings{alart2015dynamique,
  title={Dynamique non r{\'e}guli{\`e}re multicontacte-quelques questions li{\'e}es {\`a} la simulation des milieux granulaires denses},
  author={Alart, Pierre},
  booktitle={CSMA 2015},
  year={2015}
}


@inproceedings{alder1958prigogine,
  title={In I. Prigogine, editor},
  author={Alder, BJ and Wainwright, TA},
  booktitle={Proceedings of the International Symposium on Statistical Mechanical Theory of Transport Processes (Brussels, 1956)},
  year={1958}
}


@article{alder1960studies,
  title={Studies in molecular dynamics. II. Behavior of a small number of elastic spheres},
  author={Alder, Berni Julian and Wainwright, Thomas Everett},
  journal={The Journal of Chemical Physics},
  volume={33},
  number={5},
  pages={1439--1451},
  year={1960},
  publisher={American Institute of Physics}
}


@article{alder1999molecular,
  title={Molecular structure of 3, 3-diethylpentane (tetraethylmethane) in the gas phase As determined by electron diffraction and ab initio calculations},
  author={Alder, Roger W and Allen, Paul R and Hnyk, Drahom{\'\i}r and Rankin, David WH and Robertson, Heather E and Smart, Bruce A and Gillespie, Ronald J and Bytheway, Ian},
  journal={The Journal of Organic Chemistry},
  volume={64},
  number={12},
  pages={4226--4232},
  year={1999},
  publisher={ACS Publications}
}


@article{anderson1967fluid,
  title={Fluid mechanical description of fluidized beds. Equations of motion},
  author={Anderson, T Bo and Jackson, Roy},
  journal={Industrial \& Engineering Chemistry Fundamentals},
  volume={6},
  number={4},
  pages={527--539},
  year={1967},
  publisher={ACS Publications}
}


@article{ayyad2009formulation,
  title={Formulation and analysis of two energy-consistent methods for nonlinear elastodynamic frictional contact problems},
  author={Ayyad, Y and Barboteu, M},
  journal={Journal of computational and applied mathematics},
  volume={228},
  number={1},
  pages={254--269},
  year={2009},
  publisher={Elsevier}
}


@article{ayyad2009frictionless,
  title={A frictionless viscoelastodynamic contact problem with energy consistent properties: Numerical analysis and computational aspects},
  author={Ayyad, Y and Barboteu, M and Fern{\'a}ndez, JR},
  journal={Computer methods in applied mechanics and engineering},
  volume={198},
  number={5-8},
  pages={669--679},
  year={2009},
  publisher={Elsevier}
}


@incollection{barboteu2015hyperelastic,
  title={A hyperelastic dynamic frictional contact model with energy-consistent properties},
  author={Barboteu, Mikael and Danan, David and Sofonea, Mircea},
  booktitle={Advances in Variational and Hemivariational Inequalities},
  pages={249--275},
  year={2015},
  publisher={Springer}
}


@article{barboteu2013analytical,
  title={An analytical and numerical approach to a bilateral contact problem with nonmonotone friction},
  author={Barboteu, Mika{\"e}l and Bartosz, Krzysztof and Kalita, Piotr},
  journal={International Journal of Applied Mathematics and Computer Science},
  volume={23},
  number={2},
  pages={263--276},
  year={2013},
  publisher={Sciendo}
}


@article{barboteu2015dynamic,
  title={A dynamic viscoelastic contact problem with normal compliance, finite penetration and nonmonotone slip rate dependent friction},
  author={Barboteu, Mik{\"a}el and Bartosz, Krzysztof and Kalita, Piotr},
  journal={Nonlinear Analysis: Real World Applications},
  volume={22},
  pages={452--472},
  year={2015},
  publisher={Elsevier}
}


@article{barboteu2014analysis,
  title={Analysis of a contact problem with normal compliance, finite penetration and nonmonotone slip dependent friction},
  author={Barboteu, Mik{\"a}el and Bartosz, Krzysztof and Kalita, Piotr and Ramadan, Ahmad},
  journal={Communications in Contemporary Mathematics},
  volume={16},
  number={01},
  pages={1350016},
  year={2014},
  publisher={World Scientific}
}


@article{barboteu2018analysis,
  title={Analysis of a dynamic frictional contact problem for hyperviscoelastic material with non-convex energy density},
  author={Barboteu, Mika{\"e}l and Gasi{\'n}ski, Leszek and Kalita, Piotr},
  journal={Mathematics and Mechanics of Solids},
  volume={23},
  number={3},
  pages={359--391},
  year={2018},
  publisher={SAGE Publications Sage UK: London, England}
}


@article{barboteu2018primal,
  title={A primal-dual active set method for solving multi-rigid-body dynamic contact problems},
  author={Barboteu, Mika{\"e}l and Dumont, Serge},
  journal={Mathematics and Mechanics of Solids},
  volume={23},
  number={3},
  pages={489--503},
  year={2018},
  publisher={SAGE Publications Sage UK: London, England}
}


@article{belgacem1999extension,
  title={Extension of the mortar finite element method to a variational inequality modeling unilateral contact},
  author={BELGACEM, FAKER BEN and Hild, Patrick and Laborde, Patrick},
  journal={Mathematical Models and Methods in Applied Sciences},
  volume={9},
  number={02},
  pages={287--303},
  year={1999},
  publisher={World Scientific}
}


@article{ben2003hybrid,
  title={Hybrid finite element methods for the Signorini problem},
  author={Ben Belgacem, F and Renard, Yves},
  journal={Mathematics of Computation},
  volume={72},
  number={243},
  pages={1117--1145},
  year={2003}
}


@article{belgacem2005mixed,
  title={A mixed formulation for the Signorini problem in nearly incompressible elasticity},
  author={Belgacem, F Ben and Renard, Yves and Slimane, Leila},
  journal={Applied Numerical Mathematics},
  volume={54},
  number={1},
  pages={1--22},
  year={2005},
  publisher={Elsevier}
}


@article{chabrand1998various,
  title={Various numerical methods for solving unilateral contact problems with friction},
  author={Chabrand, Patrick and Dubois, Fr{\'e}d{\'e}ric and Raous, Michel},
  journal={Mathematical and computer modelling},
  volume={28},
  number={4-8},
  pages={97--108},
  year={1998},
  publisher={Elsevier}
}


@article{chouly2014adaptation,
  title={An adaptation of Nitsche's method to the Tresca friction problem},
  author={Chouly, Franz},
  journal={Journal of Mathematical Analysis and Applications},
  volume={411},
  number={1},
  pages={329--339},
  year={2014},
  publisher={Elsevier}
}


@article{chouly2015nitsche,
  title={A Nitsche finite element method for dynamic contact: 1. Space semi-discretization and time-marching schemes},
  author={Chouly, Franz and Hild, Patrick and Renard, Yves},
  journal={ESAIM: Mathematical Modelling and Numerical Analysis},
  volume={49},
  number={2},
  pages={481--502},
  year={2015},
  publisher={EDP Sciences}
}


@article{chouly2017overview,
  title={An overview of recent results on Nitsche’s method for contact problems},
  author={Chouly, Franz and Fabre, Mathieu and Hild, Patrick and Mlika, Rabii and Pousin, J{\'e}r{\^o}me and Renard, Yves},
  journal={Geometrically unfitted finite element methods and applications},
  pages={93--141},
  year={2017},
  publisher={Springer}
}


@book{ciarlet1988mathematical,
  title={Mathematical Elasticity: Volume I: three-dimensional elasticity},
  author={Ciarlet, Philippe G},
  year={1988},
  publisher={North-Holland}
}


@article{ciarlet1982lois,
  title={Sur les lois de comportement en {\'e}lasticit{\'e} non lin{\'e}aire compressible},
  author={Ciarlet, Philippe G and PG, CIARLET and others},
  year={1982}
}


@article{cloete2013generality,
  title={The generality of the standard 2D TFM approach in predicting bubbling fluidized bed hydrodynamics},
  author={Cloete, Schalk and Zaabout, Abdelghafour and Johansen, Stein Tore and van Sint Annaland, Martin and Gallucci, Fausto and Amini, Shahriar},
  journal={Powder Technology},
  volume={235},
  pages={735--746},
  year={2013},
  publisher={Elsevier}
}


@book{cottle2009linear,
  title={The linear complementarity problem},
  author={Cottle, Richard W and Pang, Jong-Shi and Stone, Richard E},
  year={2009},
  publisher={SIAM}
}


@article{cundall1971measurement,
  title={The measurement and analysis of accelerations in rock slopes},
  author={Cundall, Peter Alan},
  year={1971},
  publisher={Imperial College London}
}


@article{cundall1979discrete,
  title={A discrete numerical model for granular assemblies},
  author={Cundall, Peter A and Strack, Otto DL},
  journal={geotechnique},
  volume={29},
  number={1},
  pages={47--65},
  year={1979},
  publisher={Thomas Telford Ltd}
}


@article{darmana2006parallelization,
  title={Parallelization of an Euler--Lagrange model using mixed domain decomposition and a mirror domain technique: Application to dispersed gas--liquid two-phase flow},
  author={Darmana, Dadan and Deen, Niels G and Kuipers, JAM},
  journal={Journal of Computational Physics},
  volume={220},
  number={1},
  pages={216--248},
  year={2006},
  publisher={Elsevier}
}


@article{dbouk2016df,
  title={A DF-IBM/NSCD coupling framework to simulate immersed particle interactions},
  author={Dbouk, Talib and Perales, Fr{\'e}d{\'e}ric and Babik, Fabrice and Mozul, R{\'e}my},
  journal={Computer methods in applied mechanics and engineering},
  volume={309},
  pages={610--624},
  year={2016},
  publisher={Elsevier}
}


@article{desplanques2015amontons,
  title={Amontons-coulomb friction laws, A review of the original manuscript},
  author={Desplanques, Yannick},
  journal={SAE International Journal of Materials and Manufacturing},
  volume={8},
  number={1},
  pages={98--103},
  year={2015},
  publisher={JSTOR}
}


@article{de1991new,
  title={New inequality and functional for contact with friction: the implicit standard material approach},
  author={de Saxc{\'e}, G{\'e}ry and Feng, Zhi-Qiang},
  journal={Journal of Structural Mechanics},
  volume={19},
  number={3},
  pages={301--325},
  year={1991},
  publisher={Taylor \& Francis}
}


@article{deen2007review,
  title={Review of discrete particle modeling of fluidized beds},
  author={Deen, NG and Annaland, M Van Sint and Van der Hoef, Martin Anton and Kuipers, JAM},
  journal={Chemical engineering science},
  volume={62},
  number={1-2},
  pages={28--44},
  year={2007},
  publisher={Elsevier}
}


@article{desjardins2008high,
  title={High order conservative finite difference scheme for variable density low Mach number turbulent flows},
  author={Desjardins, Olivier and Blanquart, Guillaume and Balarac, Guillaume and Pitsch, Heinz},
  journal={Journal of Computational Physics},
  volume={227},
  number={15},
  pages={7125--7159},
  year={2008},
  publisher={Elsevier}
}


@inproceedings{dubois2013lmgc90,
  title={Lmgc90},
  author={Dubois, Fr{\'e}d{\'e}ric and Mozul, R{\'e}my},
  booktitle={11e colloque national en calcul des structures},
  year={2013}
}


@article{dubois2018contact,
  title={The Contact Dynamics method: A nonsmooth story},
  author={Dubois, Fr{\'e}d{\'e}ric and Acary, Vincent and Jean, Michel},
  journal={Comptes Rendus M{\'e}canique},
  volume={346},
  number={3},
  pages={247--262},
  year={2018},
  publisher={Elsevier}
}


@article{dufresne2020massively,
  title={A massively parallel CFD/DEM approach for reactive gas-solid flows in complex geometries using unstructured meshes},
  author={Dufresne, Yann and Moureau, Vincent and Lartigue, Ghislain and Simonin, Olivier},
  journal={Computers \& Fluids},
  volume={198},
  pages={104402},
  year={2020},
  publisher={Elsevier}
}


@article{dumont2013enhanced,
  title={On enhanced descent algorithms for solving frictional multicontact problems: application to the discrete element method},
  author={Dumont, Serge},
  journal={International Journal for Numerical Methods in Engineering},
  volume={93},
  number={11},
  pages={1170--1190},
  year={2013},
  publisher={Wiley Online Library}
}


@article{duvaut1972inequations,
  title={Les in{\'e}quations en m{\'e}canique et en physique},
  author={Duvaut, Georges and Lions, Jacques Louis},
  year={1972},
  publisher={Dunod}
}


@incollection{elghobashi1991particle,
  title={Particle-laden turbulent flows: direct simulation and closure models},
  author={Elghobashi, S},
  booktitle={Computational fluid dynamics for the petrochemical process industry},
  pages={91--104},
  year={1991},
  publisher={Springer}
}


@article{enwald1996eulerian,
  title={Eulerian two-phase flow theory applied to fluidization},
  author={Enwald, Hans and Peirano, Eric and Almstedt, A-E},
  journal={International Journal of Multiphase Flow},
  volume={22},
  pages={21--66},
  year={1996},
  publisher={Elsevier}
}


@article{feng2005bi,
  title={The bi-potential method applied to the modeling of dynamic problems with friction},
  author={Feng, Z-Q and Joli, Pierre and Cros, J-M and Magnain, Beno{\^\i}t},
  journal={Computational Mechanics},
  volume={36},
  number={5},
  pages={375--383},
  year={2005},
  publisher={Springer}
}


@article{fortin2002improved,
  title={An improved discrete element method based on a variational formulation of the frictional contact law},
  author={Fortin, J{\'e}r{\^o}me and Hjiaj, Mohammed and de Saxc{\'e}, G{\'e}ry},
  journal={Computers and Geotechnics},
  volume={29},
  number={8},
  pages={609--640},
  year={2002},
  publisher={Elsevier}
}


@article{fortin2005numerical,
  title={Numerical simulation of granular materials by an improved discrete element method},
  author={Fortin, J{\'e}r{\^o}me and Millet, Olivier and de Saxc{\'e}, G{\'e}ry},
  journal={International Journal for Numerical Methods in Engineering},
  volume={62},
  number={5},
  pages={639--663},
  year={2005},
  publisher={Wiley Online Library}
}


@article{garg2012documentation,
  title={Documentation of open-source MFIX--DEM software for gas--solids flows},
  author={Garg, Rahul and Galvin, Janine and Li, Tingwen and Pannala, Sreekanth},
  journal={From URL https://mfix. netl. doe. gov/download/mfix/mfix\_current\_documentation/dem\_doc\_2012-1. pdf},
  year={2012}
}


@book{gidaspow1994multiphase,
  title={Multiphase flow and fluidization: continuum and kinetic theory descriptions},
  author={Gidaspow, Dimitri},
  year={1994},
  publisher={Academic press}
}


@inproceedings{godlieb2009and,
  title={DEM and TFM simulations of solids mixing in a gas-solid fluidized bed},
  author={Godlieb, Willem and Gorter, Sander and Deen, Niels G and Kuipers, JAM},
  booktitle={Seventh International Conference on CFD in the Minerals and Process Industries},
  pages={9--11},
  year={2009},
  organization={CSIRO Melbourne, Australia}
}


@article{goldschmidt2004hydrodynamic,
  title={Hydrodynamic modelling of dense gas-fluidised beds: comparison and validation of 3D discrete particle and continuum models},
  author={Goldschmidt, MJV and Beetstra, R and Kuipers, JAM},
  journal={Powder Technology},
  volume={142},
  number={1},
  pages={23--47},
  year={2004},
  publisher={Elsevier}
}


@inproceedings{goniva2010open,
  title={An open source CFD-DEM perspective},
  author={Goniva, Christoph and Kloss, Christoph and Hager, Alice and Pirker, Stefan},
  booktitle={Proceedings of OpenFOAM Workshop, G{\"o}teborg},
  pages={22--24},
  year={2010}
}


@article{gopalakrishnan2013development,
  title={Development of parallel DEM for the open source code MFIX},
  author={Gopalakrishnan, Pradeep and Tafti, Danesh},
  journal={Powder technology},
  volume={235},
  pages={33--41},
  year={2013},
  publisher={Elsevier}
}


@article{hauret2006energy,
  title={Energy-controlling time integration methods for nonlinear elastodynamics and low-velocity impact},
  author={Hauret, Patrice and Le Tallec, Patrick},
  journal={Computer methods in applied mechanics and engineering},
  volume={195},
  number={37-40},
  pages={4890--4916},
  year={2006},
  publisher={Elsevier}
}


@article{hintermuller2002primal,
  title={The primal-dual active set strategy as a semismooth Newton method},
  author={Hinterm{\"u}ller, Michael and Ito, Kazufumi and Kunisch, Karl},
  journal={SIAM Journal on Optimization},
  volume={13},
  number={3},
  pages={865--888},
  year={2002},
  publisher={SIAM}
}


@book{hintermuller2003semismooth,
  title={Semismooth Newton methods for a class of unilaterally constrained variational problems},
  author={Hinterm{\"u}ller, Michael and Kovtunenko, Victor A and Kunisch, Karl},
  year={2003},
  publisher={Universit{\"a}t Graz/Technische Universit{\"a}t Graz. SFB F003-Optimierung und Kontrolle}
}


@article{hintermuller2011obstacle,
  title={Obstacle problems with cohesion: a hemivariational inequality approach and its efficient numerical solution},
  author={Hinterm{\"u}ller, Michael and Kovtunenko, Victor A and Kunisch, Karl},
  journal={SIAM Journal on Optimization},
  volume={21},
  number={2},
  pages={491--516},
  year={2011},
  publisher={SIAM}
}


@inproceedings{hu2010determination,
  title={On the determination of the damping coefficient of non-linear spring-dashpot system to model Hertz contact for simulation by discrete element method},
  author={Hu, Guoming and Hu, Zhenyu and Jian, Bin and Liu, Liping and Wan, Hui},
  booktitle={2010 WASE International Conference on Information Engineering},
  volume={3},
  pages={295--298},
  year={2010},
  organization={IEEE}
}


@article{hueber2008primal,
  title={A primal-dual active set algorithm for three-dimensional contact problems with Coulomb friction},
  author={H{\"u}eber, Stefan and Stadler, Georg and Wohlmuth, Barbara I},
  journal={SIAM Journal on scientific computing},
  volume={30},
  number={2},
  pages={572--596},
  year={2008},
  publisher={SIAM}
}



@article{hueber2005primal,
  title={A primal--dual active set strategy for non-linear multibody contact problems},
  author={H{\"u}eber, Stefan and Wohlmuth, Barbara I},
  journal={Computer Methods in Applied Mechanics and Engineering},
  volume={194},
  number={27-29},
  pages={3147--3166},
  year={2005},
  publisher={Elsevier}
}


@inproceedings{jean1992unilaterality,
  title={Unilaterality and dry friction in the dynamics of rigid body collections},
  author={Jean, Michel and Moreau, Jean Jacques},
  booktitle={1st Contact Mechanics International Symposium},
  pages={31--48},
  year={1992}
}


@article{jean1999non,
  title={The non-smooth contact dynamics method},
  author={Jean, Michel},
  journal={Computer methods in applied mechanics and engineering},
  volume={177},
  number={3-4},
  pages={235--257},
  year={1999},
  publisher={Elsevier}
}


@article{joli2008uzawa,
  title={Uzawa and Newton algorithms to solve frictional contact problems within the bi-potential framework},
  author={Joli, Pierre and Feng, Z-Q},
  journal={International journal for numerical methods in engineering},
  volume={73},
  number={3},
  pages={317--330},
  year={2008},
  publisher={Wiley Online Library}
}


@article{jourdan1998gauss,
  title={A Gauss-Seidel like algorithm to solve frictional contact problems},
  author={Jourdan, Franck and Alart, Pierre and Jean, Michel},
  journal={Computer methods in applied mechanics and engineering},
  volume={155},
  number={1-2},
  pages={31--47},
  year={1998},
  publisher={Elsevier}
}


@article{kafui2011parallelization,
  title={Parallelization of a Lagrangian--Eulerian DEM/CFD code for application to fluidized beds},
  author={Kafui, DK and Johnson, S and Thornton, C and Seville, JPK},
  journal={Powder Technology},
  volume={207},
  number={1-3},
  pages={270--278},
  year={2011},
  publisher={Elsevier}
}


@article{kavcianauskas2010parallel,
  title={Parallel discrete element simulation of poly-dispersed granular material},
  author={Ka{\v{c}}ianauskas, Rimantas and Maknickas, Algirdas and Ka{\v{c}}eniauskas, Arnas and Markauskas, Darius and Balevi{\v{c}}ius, Robertas},
  journal={Advances in Engineering Software},
  volume={41},
  number={1},
  pages={52--63},
  year={2010},
  publisher={Elsevier}
}


@article{kawaguchi1998numerical,
  title={Numerical simulation of two-dimensional fluidized beds using the discrete element method (comparison between the two-and three-dimensional models)},
  author={Kawaguchi, T and Tanaka, T and Tsuji, Y},
  journal={Powder technology},
  volume={96},
  number={2},
  pages={129--138},
  year={1998},
  publisher={Elsevier}
}


@incollection{khenous2006discretization,
  title={On the discretization of contact problems in elastodynamics},
  author={Khenous, Houari Boumediene and Laborde, Patrick and Renard, Yves},
  booktitle={Analysis and simulation of contact problems},
  pages={31--38},
  year={2006},
  publisher={Springer}
}


@article{khenous2008mass,
  title={Mass redistribution method for finite element contact problems in elastodynamics},
  author={Khenous, Houari Boumediene and Laborde, Patrick and Renard, Yves},
  journal={European Journal of Mechanics-A/Solids},
  volume={27},
  number={5},
  pages={918--932},
  year={2008},
  publisher={Elsevier}
}


@article{khenous2006hybrid,
  title={Hybrid discretization of the Signorini problem with Coulomb friction. Theoretical aspects and comparison of some numerical solvers},
  author={Khenous, Houari Boumedi{\`e}ne and Pommier, Julien and Renard, Yves},
  journal={Applied Numerical Mathematics},
  volume={56},
  number={2},
  pages={163--192},
  year={2006},
  publisher={Elsevier}
}


@book{kikuchi1988contact,
  title={Contact problems in elasticity: a study of variational inequalities and finite element methods},
  author={Kikuchi, Noboru and Oden, John Tinsley},
  year={1988},
  publisher={SIAM}
}


@article{koziara2008semismooth,
  title={Semismooth Newton method for frictional contact between pseudo-rigid bodies},
  author={Koziara, Tomasz and Bi{\'c}ani{\'c}, Nenad},
  journal={Computer Methods in Applied Mechanics and Engineering},
  volume={197},
  number={33-40},
  pages={2763--2777},
  year={2008},
  publisher={Elsevier}
}


@article{kozicki2009yade,
  title={YADE-OPEN DEM: An open-source software using a discrete element method to simulate granular material},
  author={Kozicki, Jan and Donze, Frederic V},
  journal={Engineering Computations},
  year={2009},
  publisher={Emerald Group Publishing Limited}
}


@article{ku2015cfd,
  title={CFD--DEM simulation of biomass gasification with steam in a fluidized bed reactor},
  author={Ku, Xiaoke and Li, Tian and L{\o}v{\aa}s, Terese},
  journal={Chemical Engineering Science},
  volume={122},
  pages={270--283},
  year={2015},
  publisher={Elsevier}
}


@article{kunisch2005generalized,
  title={Generalized Newton methods for the 2D-Signorini contact problem with friction in function space},
  author={Kunisch, Karl and Stadler, Georg},
  journal={ESAIM: Mathematical Modelling and Numerical Analysis},
  volume={39},
  number={4},
  pages={827--854},
  year={2005},
  publisher={EDP Sciences}
}


@book{laursen2013computational,
  title={Computational contact and impact mechanics: fundamentals of modeling interfacial phenomena in nonlinear finite element analysis},
  author={Laursen, Tod A},
  year={2013},
  publisher={Springer Science \& Business Media}
}


@article{laursen1997design,
  title={Design of energy conserving algorithms for frictionless dynamic contact problems},
  author={Laursen, TA and Chawla, Vikas},
  journal={International Journal for Numerical Methods in Engineering},
  volume={40},
  number={5},
  pages={863--886},
  year={1997},
  publisher={Wiley Online Library}
}


@article{lebon2003contact,
  title={Contact problems with friction: models and simulations},
  author={Lebon, Fr{\'e}d{\'e}ric},
  journal={Simulation Modelling practice and theory},
  volume={11},
  number={5-6},
  pages={449--463},
  year={2003},
  publisher={Elsevier}
}


@misc{le1994numerical,
  title={Numerical Methods for Nonlinear Three-dimensional Elasticity, in “Handbook of Numerical Analysis”, VOL. III.(PG Ciarlet and JL Lions eds.), 465--662},
  author={Le Tallec, P},
  year={1994},
  publisher={North-Holland}
}


@incollection{licht1991remarks,
  title={Remarks on a numerical method for unilateral contact including friction},
  author={Licht, Christian and Pratt, Elaine and Raous, Michel},
  booktitle={Unilateral Problems in Structural Analysis IV},
  pages={129--144},
  year={1991},
  publisher={Springer}
}


@article{liu2011simulation,
  title={Simulation of char and propane combustion in a fluidized bed by extending DEM--CFD approach},
  author={Liu, Daoyin and Chen, Xiaoping and Zhou, Wu and Zhao, Changsui},
  journal={Proceedings of the combustion institute},
  volume={33},
  number={2},
  pages={2701--2708},
  year={2011},
  publisher={Elsevier}
}


@article{maione2015investigation,
  title={DEM investigation of granular flow and binary mixture segregation in a rotating tumbler: Influence of particle shape and internal baffles},
  author={Maione, Riccardo and De Richter, S{\'e}bastien Kiesgen and Mauviel, Guillain and Wild, Gabriel},
  journal={Powder Technology},
  volume={286},
  pages={732--739},
  year={2015},
  publisher={Elsevier}
}


@inproceedings{moreau1977application,
  title={Application of convex analysis to some problems of dry friction},
  author={Moreau, Jean Jacques},
  booktitle={Trends in applications of pure mathematics to mechanics},
  pages={263--280},
  year={1977},
  organization={Pitman}
}


@incollection{moreau1988unilateral,
  title={Unilateral contact and dry friction in finite freedom dynamics},
  author={Moreau, Jean Jacques},
  booktitle={Nonsmooth mechanics and Applications},
  pages={1--82},
  year={1988},
  publisher={Springer}
}


@inproceedings{moreau1994numerical,
  title={Some numerical methods in multibody dynamics: application to granular materials},
  author={Moreau, Jean Jacques},
  booktitle={ European Journal of Mechanics},
  pages={93--114},
  year={1994},
  publisher={Elsevier}
}


@inproceedings{moreau1999sweeping,
  title={Numerical aspects of the sweeping process},
  author={Moreau, Jean Jacques},
  booktitle={Computer Methods in Applied
Mechanics and Engineering},
  pages={329--349.},
  year={1999},
  publisher={Elsevier}
}


@article{moureau2011design,
  title={Design of a massively parallel CFD code for complex geometries},
  author={Moureau, Vincent and Domingo, Pascale and Vervisch, Luc},
  journal={Comptes Rendus M{\'e}canique},
  volume={339},
  number={2-3},
  pages={141--148},
  year={2011},
  publisher={Elsevier}
}


@article{muller2008granular,
  title={Granular temperature: comparison of magnetic resonance measurements with discrete element model simulations},
  author={M{\"u}ller, Christoph R and Holland, Daniel J and Sederman, Andrew J and Scott, Stuart A and Dennis, John S and Gladden, Lynn F},
  journal={Powder Technology},
  volume={184},
  number={2},
  pages={241--253},
  year={2008},
  publisher={Elsevier}
}


@article{musser2021mfix,
  title={MFIX-Exa: A path toward exascale CFD-DEM simulations},
  author={Musser, Jordan and Almgren, Ann S and Fullmer, William D and Antepara, Oscar and Bell, John B and Blaschke, Johannes and Gott, Kevin and Myers, Andrew and Porcu, Roberto and Rangarajan, Deepak and others},
  journal={The International Journal of High Performance Computing Applications},
  pages={10943420211009293},
  year={2021},
  publisher={SAGE Publications Sage UK: London, England}
}


@book{nocedal2006numerical,
  title={Numerical optimization},
  author={Nocedal, Jorge and Wright, Stephen},
  year={2006},
  publisher={Springer Science \& Business Media}
}


@article{oden1982interior,
  title={Interior penalty methods for finite element approximations of the Signorini problem in elastostatics},
  author={Oden, JT and Kim, SJ},
  journal={Computers \& Mathematics with Applications},
  volume={8},
  number={1},
  pages={35--56},
  year={1982},
  publisher={Elsevier}
}


@inproceedings{perales2017xper,
  title={Xper: une plateforme pour la simulation num{\'e}rique distribu{\'e}e d'interactions multiphysiques entre corps},
  author={Perales, Fr{\'e}d{\'e}ric and Monerie, Yann and Dubois, Fr{\'e}d{\'e}ric and Mozul, R{\'e}my and Babik, Fabrice},
  booktitle={13e colloque national en calcul des structures},
  year={2017}
}


@article{plimpton1995fast,
  title={Fast parallel algorithms for short-range molecular dynamics},
  author={Plimpton, Steve},
  journal={Journal of computational physics},
  volume={117},
  number={1},
  pages={1--19},
  year={1995},
  publisher={Elsevier}
}


@article{poulios2015unconstrained,
  title={An unconstrained integral approximation of large sliding frictional contact between deformable solids},
  author={Poulios, Konstantinos and Renard, Yves},
  journal={Computers \& Structures},
  volume={153},
  pages={75--90},
  year={2015},
  publisher={Elsevier}
}


@article{pietrzak1999large,
  title={Large deformation frictional contact mechanics: continuum formulation and augmented Lagrangian treatment},
  author={Pietrzak, G and Curnier, A},
  journal={Computer methods in applied mechanics and engineering},
  volume={177},
  number={3-4},
  pages={351--381},
  year={1999},
  publisher={Elsevier}
}


@book{rabel2002quasistatic,
  title={Quasistatic contact problems in viscoelasticity and viscoplasticity},
  author={Rabel, Roberto Giorgio and Han, Weimin and Sofonea, Mircea},
  number={30},
  year={2002},
  publisher={American Mathematical Soc.}
}


@article{radjai2009contact,
  title={Contact dynamics as a nonsmooth discrete element method},
  author={Radjai, Farhang and Richefeu, Vincent},
  journal={Mechanics of Materials},
  volume={41},
  number={6},
  pages={715--728},
  year={2009},
  publisher={Elsevier}
}


@article{raous1988numerical,
  title={Numerical methods for solving unilateral contact problem with friction},
  author={Raous, M and Chabrand, P and Lebon, F},
  journal={Journal of Theoretical and Applied Mechanics},
  volume={7},
  pages={111--128},
  year={1988}
}


@article{renouf2005conjugate,
  title={Conjugate gradient type algorithms for frictional multi-contact problems: applications to granular materials},
  author={Renouf, Mathieu and Alart, Pierre},
  journal={Computer Methods in Applied Mechanics and Engineering},
  volume={194},
  number={18-20},
  pages={2019--2041},
  year={2005},
  publisher={Elsevier}
}


@article{renouf2004parallel,
  title={A parallel version of the non smooth contact dynamics algorithm applied to the simulation of granular media},
  author={Renouf, Mathieu and Dubois, Frederic and Alart, Pierre},
  journal={Journal of Computational and Applied Mathematics},
  volume={168},
  number={1-2},
  pages={375--382},
  year={2004},
  publisher={Elsevier}
}


@article{sharaf2016active,
  title={An active set algorithm for a class of linear complementarity problems arising from rigid body dynamics},
  author={Sharaf, Iman Mohammad},
  journal={Pakistan Journal of Statistics and Operation Research},
  pages={339--352},
  year={2016},
  publisher={College of Statistical and Actuarial Sciences}
}


@phdthesis{saussine2004contribution,
  title={Contribution {\`a} la mod{\'e}lisation de granulats tridimensionnels: application au ballast.},
  author={Saussine, Gilles},
  year={2004},
  school={Universit{\'e} Montpellier II-Sciences et Techniques du Languedoc}
}


@article{signorini1933sopra,
  title={Sopra alcune questioni di elastostatica},
  author={Signorini, Antonio},
  journal={Atti della Societa Italiana per il Progresso delle Scienze},
  volume={27},
  pages={69},
  year={1933}
}


@book{sofonea2012mathematical,
  title={Mathematical models in contact mechanics},
  author={Sofonea, Mircea and Matei, Andaluzia},
  volume={398},
  year={2012},
  publisher={Cambridge University Press}
}


@article{spogis2008multiphase,
  title={Multiphase modeling using EDEM--CFD coupling for FLUENT},
  author={Spogis, Nicholas},
  journal={CFD OIL},
  pages={18--19},
  year={2008}
}


@article{tsuji1992lagrangian,
  title={Lagrangian numerical simulation of plug flow of cohesionless particles in a horizontal pipe},
  author={Tsuji, Yutaka and Tanaka, Toshitsugu and Ishida, T},
  journal={Powder technology},
  volume={71},
  number={3},
  pages={239--250},
  year={1992},
  publisher={Elsevier}
}


@article{tsuji1993discrete,
  title={Discrete particle simulation of two-dimensional fluidized bed},
  author={Tsuji, Yutaka and Kawaguchi, Toshihiro and Tanaka, Toshitsugu},
  journal={Powder technology},
  volume={77},
  number={1},
  pages={79--87},
  year={1993},
  publisher={Elsevier}
}


@article{tsuji2010simultaneous,
  title={Simultaneous measurement of particle motion and temperature in two-dimensional fluidized bed with heat transfer},
  author={Tsuji, Takuya and Miyauchi, Takuya and Oh, Satoshi and Tanaka, Toshitsugu},
  journal={KONA Powder and Particle Journal},
  volume={28},
  pages={167--179},
  year={2010},
  publisher={Hosokawa Powder Technology Foundation}
}


@article{van2008numerical,
  title={Numerical simulation of dense gas-solid fluidized beds: a multiscale modeling strategy},
  author={van der Hoef, Martin Anton and van Sint Annaland, M and Deen, NG and Kuipers, JAM},
  journal={Annu. Rev. Fluid Mech.},
  volume={40},
  pages={47--70},
  year={2008},
  publisher={Annual Reviews}
}


@article{verlet1967computer,
  title={Computer" experiments" on classical fluids. I. Thermodynamical properties of Lennard-Jones molecules},
  author={Verlet, Loup},
  journal={Physical review},
  volume={159},
  number={1},
  pages={98},
  year={1967},
  publisher={APS}
}


@article{visseq2013high,
  title={High performance computing of discrete nonsmooth contact dynamics with domain decomposition},
  author={Visseq, Vincent and Alart, Pierre and Dureisseix, David},
  journal={International journal for numerical methods in engineering},
  volume={96},
  number={9},
  pages={584--598},
  year={2013},
  publisher={Wiley Online Library}
}


@article{vreman2009two,
  title={Two-and four-way coupled Euler--Lagrangian large-eddy simulation of turbulent particle-laden channel flow},
  author={Vreman, Bert and Geurts, Bernard J and Deen, NG and Kuipers, JAM and Kuerten, Johannes GM},
  journal={Flow, turbulence and combustion},
  volume={82},
  number={1},
  pages={47--71},
  year={2009},
  publisher={Springer}
}


@article{vsmilauer2010yade,
  title={Yade dem formulation},
  author={{\v{S}}milauer, V{\'a}clav and Chareyre, Bruno},
  journal={Yade Documentation},
  volume={393},
  year={2010},
  publisher={http://yade-dem. org/doc/formulation. html}
}


@article{wang2015numerical,
  title={Numerical study of the effect of operation parameters on particle segregation in a coal beneficiation fluidized bed by a TFM--DEM hybrid model},
  author={Wang, Qinggong and Yang, Hairui and Feng, Yuqing and Witt, Peter J and Lu, Junfu and Yin, Weidi and Liu, Qing and Wei, Lubin},
  journal={Chemical Engineering Science},
  volume={131},
  pages={256--270},
  year={2015},
  publisher={Elsevier}
}


@article{washington2003micro,
  title={Micro-mechanical simulation of geotechnical problems using massively parallel computers},
  author={Washington, David W and Meegoda, Jay N},
  journal={International journal for numerical and analytical methods in geomechanics},
  volume={27},
  number={14},
  pages={1227--1234},
  year={2003},
  publisher={Wiley Online Library}
}


@article{wicke1957einige,
  title={Einige neue Verfahrensprinzipien mit Wirbelschichten},
  author={Wicke, E},
  journal={Chemical Engineering Science},
  volume={6},
  number={4-5},
  pages={160--169},
  year={1957},
  publisher={Elsevier}
}


@article{wriggers2004computational,
  title={Computational contact mechanics},
  author={Wriggers, Peter and Zavarise, Giorgio},
  journal={Encyclopedia of computational mechanics},
  year={2004},
  publisher={Wiley Online Library}
}


@article{yu2003particle,
  title={Particle-scale modelling of gas--solid flow in fluidisation},
  author={Yu, A B and Xu, B H},
  journal={Journal of Chemical Technology \& Biotechnology: International Research in Process, Environmental \& Clean Technology},
  volume={78},
  number={2-3},
  pages={111--121},
  year={2003},
  publisher={Wiley Online Library}
}
